@inproceedings{projectPaper,
    author = {Alssaiari, Ali and Thomas, Nigel},
    year = {2016},
    month = {September},
    pages = {},
    title = {Performance Modelling of Dynamic Server Allocation for Energy Efficiency using PEPA}
}

@inproceedings{relatedPaper,
    author = {Thai Ha Nguyen, Matthew Forshaw, Nigel Thomas},
    year = {2015},
    month = {October},
    pages = {},
    title = {Operating Policies for Energy Efficient Dynamic Server Allocation}
}